@article{ejemplo,
  author = {Persona Importante},
  title = {Something really cool},
  journal = {Revista Con Madre},
  year = 2013,
  volume = 12,
  number = 5,
  pages = {123--143},
  doi = {10.123/lolno}
}